<collection xmlns="http://www.loc.gov/MARC21/slim">
<record>
  <leader>01005ncm0a22002411i 450 </leader>
  <controlfield tag="001">IT\ICCU\CNCE\043266</controlfield>
  <controlfield tag="005">20030919000000.0</controlfield>
  <datafield tag="100" ind1=" " ind2=" ">
    <subfield code="a">19981228d1526        0itac0103    ba</subfield>
  </datafield>
  <datafield tag="101" ind1=" " ind2=" ">
    <subfield code="a">LAT</subfield>
  </datafield>
  <datafield tag="102" ind1=" " ind2=" ">
    <subfield code="a">IT</subfield>
  </datafield>
  <datafield tag="200" ind1="1" ind2=" ">
    <subfield code="a">Liber primus \-tertius! missarum Josquin</subfield>
  </datafield>
  <datafield tag="210" ind1=" " ind2=" ">
    <subfield code="a">Roma</subfield>
    <subfield code="c">Giovanni Giacomo Pasotti e Valerio Dorico</subfield>
    <subfield code="c">ed. Iacopo Giunta il vecchio</subfield>
    <subfield code="d">1526</subfield>
  </datafield>
  <datafield tag="300" ind1=" " ind2=" ">
    <subfield code="a">RISM: 4, J 669, 672, 675</subfield>
  </datafield>
  <datafield tag="620" ind1=" " ind2=" ">
    <subfield code="a">IT</subfield>
    <subfield code="d">Roma</subfield>
  </datafield>
  <datafield tag="700" ind1=" " ind2="1">
    <subfield code="a">Desprš,</subfield>
    <subfield code="b">Josquin</subfield>
    <subfield code="3">IT\ICCU\CNCA\011484</subfield>
  </datafield>
  <datafield tag="712" ind1="0" ind2="0">
    <subfield code="a">Giunta, Iacopo</subfield>
    <subfield code="c"> &lt;1.&gt;</subfield>
    <subfield code="3">IT\ICCU\CNCT\001923</subfield>
    <subfield code="4">650</subfield>
  </datafield>
  <datafield tag="712" ind1="0" ind2="0">
    <subfield code="a">Pasotti, Giovanni Giacomo &amp; Dorico, Valerio</subfield>
    <subfield code="3">IT\ICCU\CNCT\003245</subfield>
    <subfield code="4">650</subfield>
  </datafield>
  <datafield tag="790" ind1=" " ind2="1">
    <subfield code="a">Prs̈,</subfield>
    <subfield code="b">Josquin : des</subfield>
    <subfield code="3">IT\ICCU\CNCA\014552</subfield>
    <subfield code="z">Desprš, Josquin</subfield>
  </datafield>
  <datafield tag="790" ind1=" " ind2="1">
    <subfield code="a">Desprez,</subfield>
    <subfield code="b">Josquin</subfield>
    <subfield code="3">IT\ICCU\CNCA\019544</subfield>
    <subfield code="z">Desprš, Josquin</subfield>
  </datafield>
  <datafield tag="790" ind1=" " ind2="0">
    <subfield code="a">Josquin</subfield>
    <subfield code="3">IT\ICCU\CNCA\019887</subfield>
    <subfield code="z">Desprš, Josquin</subfield>
  </datafield>
  <datafield tag="790" ind1=" " ind2="1">
    <subfield code="a">Deprš,</subfield>
    <subfield code="b">Josquin</subfield>
    <subfield code="3">IT\ICCU\CNCA\019978</subfield>
    <subfield code="z">Desprš, Josquin</subfield>
  </datafield>
  <datafield tag="791" ind1="0" ind2="0">
    <subfield code="a">Giunti, Iacopo</subfield>
    <subfield code="c"> &lt;1&gt;</subfield>
    <subfield code="3">IT\ICCU\CNCT\004922</subfield>
    <subfield code="z">Giunta, Iacopo &lt;1.&gt;</subfield>
  </datafield>
  <datafield tag="801" ind1=" " ind2="3">
    <subfield code="a">IT</subfield>
    <subfield code="b">ICCU</subfield>
    <subfield code="c">20201114</subfield>
  </datafield>
</record>
</collection>
